<?xml version="1.0" encoding="UTF-8"?><collection xmlns="http://www.loc.gov/MARC21/slim"><record><leader>00560nam--2200181-i-4500</leader><controlfield tag="001">000026453</controlfield><controlfield tag="002">20161230</controlfield><controlfield tag="005">20170124002410</controlfield><controlfield tag="008">060222s1000------------r-----000-0-eng-d</controlfield><datafield ind1=" " ind2=" " tag="020"><subfield code="a">0124023010</subfield></datafield><datafield ind1=" " ind2=" " tag="040"><subfield code="a">IFIN-HH</subfield></datafield><datafield ind1=" " ind2=" " tag="080"><subfield code="a">519.714</subfield></datafield><datafield ind1="1" ind2=" " tag="100"><subfield code="a">Kaufmann, A</subfield></datafield><datafield ind1="1" ind2="0" tag="245"><subfield code="a">Introduction to the theory of fuzzy subsets</subfield><subfield code="b">Volume I fundamental theoretical elements foreword by L.A.Zadeh translated by D.L.Swanson</subfield><subfield code="c">A. Kaufmann</subfield></datafield><datafield ind1=" " ind2=" " tag="260"><subfield code="a">New York</subfield><subfield code="b">Academic Press</subfield><subfield code="c">1975</subfield></datafield><datafield ind1=" " ind2=" " tag="300"><subfield code="a">XVI + 416 p</subfield></datafield><datafield ind1=" " ind2=" " tag="852"><subfield code="a">45336</subfield><subfield code="c">519.4/5</subfield></datafield><datafield ind1=" " ind2=" " tag="CAT"><subfield code="a">SYS</subfield><subfield code="c">20170124</subfield><subfield code="h">002410</subfield></datafield></record></collection>